<?xml version="1.0" encoding="UTF-8"?>
<record xmlns="http://www.loc.gov/MARC21/slim">
   <leader>01837cam a2200469 a 4500</leader>
   <controlfield tag="001">1710299</controlfield>
   <controlfield tag="008">950913s1995    abc          s    0 eng d</controlfield>
   <datafield tag="035" ind1=" " ind2=" ">
      <subfield code="a">ocm35975633</subfield>
   </datafield>
   <datafield tag="040" ind1=" " ind2=" ">
      <subfield code="a">AEHE</subfield>
      <subfield code="b">eng</subfield>
      <subfield code="c">AEHE</subfield>
      <subfield code="d">AEG</subfield>
   </datafield>
   <datafield tag="055" ind1=" " ind2="3">
      <subfield code="a">HV 1475 A4</subfield>
      <subfield code="b">K47 1995</subfield>
   </datafield>
   <datafield tag="060" ind1=" " ind2="4">
      <subfield code="a">WT 29</subfield>
   </datafield>
   <datafield tag="090" ind1=" " ind2=" ">
      <subfield code="a">WT 29 DC1 A244 1995</subfield>
      <subfield code="b">AEG</subfield>
   </datafield>
   <datafield tag="090" ind1=" " ind2=" ">
      <subfield code="a">HV 1475 A4 K47 1995</subfield>
      <subfield code="b">AEU</subfield>
   </datafield>
   <datafield tag="090" ind1=" " ind2=" ">
      <subfield code="a">GOV DOC CA2 AL H 95A22</subfield>
      <subfield code="b">AEU</subfield>
   </datafield>
   <datafield tag="090" ind1=" " ind2=" ">
      <subfield code="a">HV 1475 A42 K47 1995</subfield>
      <subfield code="b">AEHE</subfield>
   </datafield>
   <datafield tag="090" ind1=" " ind2=" ">
      <subfield code="a">HV1475 .A42 K47</subfield>
      <subfield code="b">AEGMCT</subfield>
   </datafield>
   <datafield tag="100" ind1="1" ind2=" ">
      <subfield code="a">Kerr, Janet C.,</subfield>
      <subfield code="d">1940-</subfield>
   </datafield>
   <datafield tag="240" ind1="1" ind2="0">
      <subfield code="a">Adult day programs : / maintaining the health status and quality of life of Alberta's elderly people in the community /</subfield>
   </datafield>
   <datafield tag="245" ind1="1" ind2="0">
      <subfield code="a">Adult day programs : maintaining the health status and quality of life of Alberta's elderly people in the community</subfield>
      <subfield code="b">maintaining the health status and quality of life of Alberta's elderly people in the community /</subfield>
      <subfield code="c">Janet Ross Kerr, Sharon Warren, Dianne Godkin.</subfield>
   </datafield>
   <datafield tag="260" ind1=" " ind2=" ">
      <subfield code="a">Edmonton, Alta. :</subfield>
      <subfield code="b">Alberta Health,</subfield>
      <subfield code="c">c1995.</subfield>
   </datafield>
   <datafield tag="300" ind1=" " ind2=" ">
      <subfield code="a">21 p. :</subfield>
      <subfield code="b">ill. ;</subfield>
      <subfield code="c">28 cm.</subfield>
   </datafield>
   <datafield tag="336" ind1=" " ind2=" ">
      <subfield code="a">text</subfield>
      <subfield code="b">txt</subfield>
      <subfield code="2">rdacontent</subfield>
   </datafield>
   <datafield tag="337" ind1=" " ind2=" ">
      <subfield code="a">unmediated</subfield>
      <subfield code="b">n</subfield>
      <subfield code="2">rdamedia</subfield>
   </datafield>
   <datafield tag="338" ind1=" " ind2=" ">
      <subfield code="a">volume</subfield>
      <subfield code="b">nc</subfield>
      <subfield code="2">rdacarrier</subfield>
   </datafield>
   <datafield tag="500" ind1=" " ind2=" ">
      <subfield code="a">Cover title.</subfield>
   </datafield>
   <datafield tag="504" ind1=" " ind2=" ">
      <subfield code="a">Includes bibliography.</subfield>
   </datafield>
   <datafield tag="596" ind1=" " ind2=" ">
      <subfield code="a">2 20 38 42 45</subfield>
   </datafield>
   <datafield tag="650" ind1=" " ind2="0">
      <subfield code="a">Adult day care centers</subfield>
      <subfield code="z">Alberta.</subfield>
   </datafield>
   <datafield tag="650" ind1=" " ind2="0">
      <subfield code="a">Older people</subfield>
      <subfield code="x">Care</subfield>
      <subfield code="z">Alberta.</subfield>
   </datafield>
   <datafield tag="650" ind1=" " ind2="0">
      <subfield code="a">Community health services for older people</subfield>
      <subfield code="z">Alberta.</subfield>
   </datafield>
   <datafield tag="650" ind1=" " ind2="2">
      <subfield code="a">Day Care</subfield>
      <subfield code="z">Alberta.</subfield>
   </datafield>
   <datafield tag="650" ind1=" " ind2="2">
      <subfield code="a">Older people</subfield>
      <subfield code="z">Alberta.</subfield>
   </datafield>
   <datafield tag="700" ind1="1" ind2=" ">
      <subfield code="a">Warren, Sharon.</subfield>
   </datafield>
   <datafield tag="700" ind1="1" ind2=" ">
      <subfield code="a">Godkin, Dianne.</subfield>
   </datafield>
   <datafield tag="710" ind1="1" ind2=" ">
      <subfield code="a">Alberta.</subfield>
      <subfield code="b">Alberta Health.</subfield>
   </datafield>
   <datafield tag="926" ind1=" " ind2=" ">
      <subfield code="a">AGL_CAP</subfield>
      <subfield code="b">ON_SHELF</subfield>
      <subfield code="c">HV 1475 A42 K47 1995</subfield>
      <subfield code="d">BOOK</subfield>
      <subfield code="f">1</subfield>
   </datafield>
   <datafield tag="926" ind1=" " ind2=" ">
      <subfield code="a">AGL_CAP</subfield>
      <subfield code="b">ARCHIVES</subfield>
      <subfield code="c">HV 1475 A42 K47 1995</subfield>
      <subfield code="d">NO_LOAN</subfield>
      <subfield code="f">2</subfield>
   </datafield>
   <datafield tag="926" ind1=" " ind2=" ">
      <subfield code="a">AHSGLENRSE</subfield>
      <subfield code="b">ON_SHELF</subfield>
      <subfield code="c">WT 29 DC1 A244 1995</subfield>
      <subfield code="d">BOOK</subfield>
      <subfield code="f">1</subfield>
   </datafield>
   <datafield tag="926" ind1=" " ind2=" ">
      <subfield code="a">UABARD</subfield>
      <subfield code="b">ON_SHELF</subfield>
      <subfield code="c">GOV DOC CA2 AL H 95A22</subfield>
      <subfield code="d">BOOK</subfield>
      <subfield code="f">1</subfield>
   </datafield>
   <datafield tag="926" ind1=" " ind2=" ">
      <subfield code="a">UAHLTHSC</subfield>
      <subfield code="b">ON_SHELF</subfield>
      <subfield code="c">HV 1475 A4 K47 1995</subfield>
      <subfield code="d">BOOK</subfield>
      <subfield code="f">1</subfield>
   </datafield>
   <datafield tag="926" ind1=" " ind2=" ">
      <subfield code="a">UAHLTHSC</subfield>
      <subfield code="b">ON_SHELF</subfield>
      <subfield code="c">HV 1475 A4 K47 1995</subfield>
      <subfield code="d">BOOK</subfield>
      <subfield code="f">3</subfield>
   </datafield>
   <datafield tag="926" ind1=" " ind2=" ">
      <subfield code="a">UAHLTHSC</subfield>
      <subfield code="b">ON_SHELF</subfield>
      <subfield code="c">HV 1475 A4 K47 1995</subfield>
      <subfield code="d">BOOK</subfield>
      <subfield code="f">4</subfield>
   </datafield>
   <datafield tag="926" ind1=" " ind2=" ">
      <subfield code="a">UALAW</subfield>
      <subfield code="b">ON_SHELF</subfield>
      <subfield code="c">GOV DOC CA2 AL H 95A22</subfield>
      <subfield code="d">BOOK</subfield>
      <subfield code="f">2</subfield>
   </datafield>
</record>
